<record xmlns="http://www.loc.gov/MARC21/slim" xmlns:xsi="http://www.w3.org/2001/XMLSchema-instance" xsi:schemaLocation="http://www.loc.gov/MARC21/slim http://www.loc.gov/standards/marcxml/schema/MARC21slim.xsd"><leader>00000nam  2200000   4500</leader><controlfield tag="001">9517178549</controlfield><datafield ind1=" " ind2=" " tag="020"><subfield code="a">9517178549</subfield><subfield code="q">kovakantinen</subfield></datafield><datafield ind1="0" ind2=" " tag="041"><subfield code="a">fin</subfield></datafield><datafield ind1=" " ind2=" " tag="084"><subfield code="a">99</subfield><subfield code="2">ykl</subfield></datafield><datafield ind1=" " ind2=" " tag="091"><subfield code="a">99</subfield></datafield><datafield ind1=" " ind2=" " tag="092"><subfield code="a">99.1</subfield></datafield><datafield ind1=" " ind2=" " tag="093"><subfield code="a">99.1</subfield></datafield><datafield ind1=" " ind2=" " tag="094"><subfield code="a">99.1</subfield></datafield><datafield ind1=" " ind2=" " tag="095"><subfield code="a">990.1</subfield></datafield><datafield ind1=" " ind2=" " tag="097"><subfield code="a">99.1</subfield></datafield><datafield ind1="0" ind2="0" tag="245"><subfield code="a">Leiv&#228;n t&#228;hden :</subfield><subfield code="b">suomalaisen ty&#246;n historiaa /</subfield><subfield code="c">toimittaneet Pekka Laaksonen, Laura Junnila, Juha Nirkko</subfield></datafield><datafield ind1=" " ind2=" " tag="260"><subfield code="a">Helsinki :</subfield><subfield code="b">Suomalaisen kirjallisuuden seura,</subfield><subfield code="c">1995</subfield></datafield><datafield ind1=" " ind2=" " tag="300"><subfield code="a">378 sivua :</subfield><subfield code="b">kuvitettu</subfield></datafield><datafield ind1=" " ind2=" " tag="336"><subfield code="a">teksti</subfield><subfield code="b">txt</subfield><subfield code="2">rdacontent</subfield></datafield><datafield ind1=" " ind2=" " tag="337"><subfield code="a">k&#228;ytett&#228;viss&#228; ilman laitetta</subfield><subfield code="b">n</subfield><subfield code="2">rdamedia</subfield></datafield><datafield ind1=" " ind2=" " tag="338"><subfield code="a">nide</subfield><subfield code="b">nc</subfield><subfield code="2">rdacarrier</subfield></datafield><datafield ind1="0" ind2=" " tag="490"><subfield code="a">Kansanel&#228;m&#228;n kuvauksia,</subfield><subfield code="x">0453-2201 ;</subfield><subfield code="v">42</subfield></datafield><datafield ind1=" " ind2="7" tag="648"><subfield code="a">1900-luku</subfield><subfield code="2">ysa</subfield></datafield><datafield ind1=" " ind2="7" tag="650"><subfield code="a">ty&#246;</subfield><subfield code="2">yso/fin</subfield><subfield code="0">http://www.yso.fi/onto/yso/p1810</subfield></datafield><datafield ind1=" " ind2="7" tag="650"><subfield code="a">ty&#246;el&#228;m&#228;</subfield><subfield code="2">yso/fin</subfield><subfield code="0">http://www.yso.fi/onto/yso/p16262</subfield></datafield><datafield ind1=" " ind2="7" tag="650"><subfield code="a">historia</subfield><subfield code="2">yso/fin</subfield><subfield code="0">http://www.yso.fi/onto/yso/p1780</subfield></datafield><datafield ind1=" " ind2="7" tag="650"><subfield code="a">ammatit</subfield><subfield code="2">yso/fin</subfield><subfield code="0">http://www.yso.fi/onto/yso/p1179</subfield></datafield><datafield ind1=" " ind2="7" tag="651"><subfield code="a">Suomi</subfield><subfield code="2">ysa</subfield></datafield><datafield ind1=" " ind2="7" tag="655"><subfield code="a">muistelmat</subfield><subfield code="2">slm/fin</subfield><subfield code="0">http://urn.fi/URN:NBN:fi:au:slm:s286</subfield></datafield><datafield ind1="1" ind2=" " tag="700"><subfield code="a">Laaksonen, Pekka,</subfield><subfield code="e">toimittaja</subfield></datafield><datafield ind1="1" ind2=" " tag="700"><subfield code="a">Junnila, Laura,</subfield><subfield code="e">toimittaja</subfield></datafield><datafield ind1="1" ind2=" " tag="700"><subfield code="a">Nirkko, Juha,</subfield><subfield code="e">toimittaja</subfield></datafield><datafield ind1=" " ind2=" " tag="852"><subfield code="x">Helsingin luokanmuutos 30.3.2026</subfield></datafield></record>